<?xml version="1.0" encoding="UTF-8"?><collection xmlns="http://www.loc.gov/MARC21/slim"><record><leader>00446nam--2200145-i-4500</leader><controlfield tag="001">000030691</controlfield><controlfield tag="002">20161230</controlfield><controlfield tag="005">20161230201038</controlfield><controlfield tag="008">060222s1000------------r-----000-0-eng-d</controlfield><datafield ind1=" " ind2=" " tag="080"><subfield code="a">543.51:547.25</subfield></datafield><datafield ind1=" " ind2=" " tag="100"><subfield code="a">Litzow, M.R., Spalding, T.R</subfield></datafield><datafield ind1=" " ind2=" " tag="245"><subfield code="a">Mass spectrometry of inorganic and organometallic compounds</subfield></datafield><datafield ind1=" " ind2=" " tag="260"><subfield code="a">Amsterdam, Elsevier Scient.Publ.Co., 1973. Xv+620p</subfield></datafield><datafield ind1=" " ind2=" " tag="490"><subfield code="a">Physical Inorganic Chemistry, Monograph 2</subfield></datafield><datafield ind1=" " ind2=" " tag="852"><subfield code="a">40944</subfield></datafield></record></collection>